@misc{ bots-twittersphere,
    author = "Stefan Wojcik and Solomon Messing and Aaron Smith and Lee Rainie and Paul Hitlin",
    title = "Bots in the {Twittersphere}",
    year = "2018",
    month = "April",
    institution = "Pew Research Center",
    url = "http://www.pewinternet.org/2018/04/09/bots-in-the-twittersphere/"
}

@article{ anatomy,
    author = "Chengcheng Shao and Pik-Mai Hui and Lei Wang and Xinwen Jiang and Alessandro Flammini and Filippo Menczer and Giovanni Luca Ciampaglia",
    title = "Anatomy of an online misinformation network",
    year = "2018",
    month = "April",
    journal = "{PLOS One}",
    url = "http://journals.plos.org/plosone/article?id=10.1371/journal.pone.0196087"
}

@article{ bots-election,
    author = "Douglas Guilbeault and Samuel Woolley",
    title = "How {Twitter} Bots Are Shaping the Election",
    month = "November",
    year = "2016",
    journal = "Atlantic",
    url = "https://www.theatlantic.com/technology/archive/2016/11/election-bots/506072/"
}

@article{ bots-humor,
    title = "The Rise of {Twitter} Bots",
    author = "Rod Dubbin",
    month = "November",
    year = "2013",
    journal = "New Yorker",
    url = "https://www.newyorker.com/tech/elements/the-rise-of-twitter-bots"
}

@article{ botcheck,
    title = "{Botcheck.me} will tell you whether that {Twitter} account is fake",
    author = "Colin Daileda",
    month = "November",
    year = "2017",
    journal = "Mashable",
    url = "https://mashable.com/2017/11/02/botcheck-california-students-twitter-fake-accounts-bots/#DBtlL4DOaOqU"
}

@article{ followers-vanish,
    title = "{Twitter} Followers Vanish Amid Inquiries Into Fake Accounts",
    author = "Nicholas Confessore and Gabriel {J.X.} Dance and Rich Harris",
    month = "January",
    year = "2018",
    journal = "New York Times",
    url = "https://www.nytimes.com/interactive/2018/01/31/technology/social-media-bots-investigations.html"
}

@article{ nazis-twitter,
    title = "{Twitter} suspends {Britain} {First} leaders",
    month = "December",
    year = "2017",
    journal = "BBC News",
    url = "http://www.bbc.com/news/technology-42402570"
}

@article{ veritas-failure,
    title = "A woman approached {The} {Post} with dramatic — and false — tale about {Roy} {Moore.} {She} appears to be part of undercover sting operation.",
    author = "Shawn Boburg and Aaron {C.} Davis and Alice Crites",
    month = "November",
    year = "2017",
    journal = "Washington Post",
    url = "https://www.washingtonpost.com/investigations/a-woman-approached-the-post-with-dramatic--and-false--tale-about-roy-moore-sje-appears-to-be-part-of-undercover-sting-operation/2017/11/27/0c2e335a-cfb6-11e7-9d3a-bcbe2af58c3a_story.html?utm_term=.f02fb35337df"
}

@article{ veritas-claim,
    title = "{`Project} {Veritas'} Hidden Camera: {Twitter} And {Reddit} Use `Shadow Ban' Algorithms to Censor Political Opinions",
    author = "Tim Hains",
    month = "January",
    year = "2018",
    journal = "Real Clear Politics",
    url = "https://www.realclearpolitics.com/video/2018/01/12/project_veritas_hidden_camera_twitter_and_reddit_do_shadow_ban_certain_political_opinions.html"
}

@article{ swears,
    title = "{Twitter} is locking accounts that swear at famous people",
    author = "Russell Brandom and Casey Newton",
    month = "February",
    year = "2017",
    journal = "The Verge",
    url = "https://www.theverge.com/2017/2/24/14719828/twitter-account-lock-ban-swearing-abuse-moderation"
}

@misc{ suspensions,
    title = "Twitter suspensions",
    institution = "Wikipedia",
    url = "https://en.wikipedia.org/wiki/Twitter_suspensions"
}

@article{ milo,
    title = "{Twitter} Bars {Milo} {Yiannopoulos} in Wake of {Leslie} {Jones's} Reports of Abuse",
    author = "Mike Isaac",
    month = "July",
    year = "2016",
    journal = "New York Times",
    url = "https://www.nytimes.com/2016/07/20/technology/twitter-bars-milo-yiannopoulos-in-crackdown-on-abusive-comments.html"
}

@article{ abusive-twitter,
    title = "{Twitter} begins filtering abusive tweets out of your replies",
    author = "Casey Newton",
    month = "February",
    year = "2017",
    journal = "The Verge",
    url = "https://www.theverge.com/2017/2/7/14527104/twitter-reply-filters-safe-search-abuse-harassment"
}

@article{ probably,
    title = "Just swearing at {Trump} (probably) won't get you in {Twitter} timeout",
    author = "Kerry Flynn",
    month = "February",
    year = "2017",
    journal = "Mashable",
    url = "https://mashable.com/2017/02/24/twitter-timeout-trump/#HEIb5rHAliqN"
}

@article{ mosquito,
    title = "Man banned from {Twitter} over mosquito death threat",
    author = "Paul Harrison",
    month = "August",
    year = "2017",
    journal = "BBC News",
    url = "http://www.bbc.com/news/blogs-trending-41097947://www.bbc.com/news/technology-42402570"
}

@article{ tony,
    title = "This Guy Was Suspended From {Twitter} After He Sexually Harassed {Tony} The {Tiger}",
    author = "Ryan Broderick",
    month = "August",
    year = "2017",
    journal = "Buzzfeed News",
    url = "https://www.buzzfeed.com/ryanhatesthis/you-can-release-your-great-all-inside-me-daddy?utm_term=.kp9qqDp9X#.odXGGZDd4"
}

@article{ curb-bots,
    title = "{Twitter} is (finally) cracking down on bots",
    author = "Jon Russell",
    month = "February",
    year = "2018",
    journal = "TechCrunch",
    url = "https://techcrunch.com/2018/02/22/twitter-is-finally-cracking-down-on-bots/"
}

@article{ thanks,
    title = "Is {Twitter} banning users for saying `thank you'?",
    author = "Jay Hathaway",
    month = "April",
    year = "2018",
    journal = "Daily Dot",
    url = "https://www.dailydot.com/unclick/twitter-ban-thank-you/"
}

@misc{ botometer-main,
    title = "Botometer",
    author = "{Indiana University Network Science Institute} and {Center for Complex Networks and Systems Research}",
    url = "https://botometer.iuni.iu.edu/#!/"
}

@proceedings{ botometer-paper,
    title = "Online Human-Bot Interactions: Detection, Estimation, and Characterization",
    booktitle = "Proceedings of the Eleventh International AAAI Conference on Web and Social Media",
    author = "Onur Varol and Emilio Ferrara and Clayton {A.} Davis and Filippo Menczer and Alessandro Flammini",
    month = "May",
    year = "2017",
    url = "https://aaai.org/ocs/index.php/ICWSM/ICWSM17/paper/view/15587/14817"
}

@misc{ debot,
    title = "DeBot",
    author = "Nikan Chavoshi and Hossein Hamooni and Abdullah Mueen",
    url = "http://www.cs.unm.edu/~chavoshi/debot/"
}

@misc{ nyu,
    title = "How to detect Russian bots on Twitter",
    author = "James Devitt",
    url = "https://www.futurity.org/russian-bots-twitter-1633842/"
}

@misc{ replyall,
    title = "The Prophet",
    booktitle = "Reply All",
    author = "PJ Vogt and Alex Goldman",
    month = "December",
    year = "2017",
    url = "https://www.gimletmedia.com/reply-all/112-the-prophet"
}

@article{ list,
    title = "{Twitter's} list of 2,752 {Russian} trolls",
    author = "Dan Frommer",
    month = "November",
    year = "2017",
    journal = "Recode",
    url = "https://www.recode.net/2017/11/2/16598312/russia-twitter-trump-twitter-deactivated-handle-list"
}

@misc{ hamilton,
    title = "Hamilton 68",
    author = "{Alliance for Securing Democracy}",
    url = "https://dashboard.securingdemocracy.org/"
}

@misc{ neo,
    title = "The Story behind {Russian} {Twitter} Trolls: How They Got Away with Looking Human – and How to Catch Them in the Future",
    author = "William Lyon",
    month = "March",
    year = "2018",
    url = "https://neo4j.com/blog/story-behind-russian-twitter-trolls/"
}

@misc{ dfrlab,
    title = "{\#TrollTracker}: How To Spot {Russian} Trolls",
    author = "{Atlantic Council}",
    month = "March",
    year = "2018",
    url = "https://medium.com/dfrlab/trolltracker-how-to-spot-russian-trolls-2f6d3d287eaa"
}

@misc{ twitter-policy,
    title = "Hateful conduct policy",
    author = "{Twitter}",
    url = "https://help.twitter.com/en/rules-and-policies/hateful-conduct-policy"
}